@Article{bridgeman2016,
  author  = {Jacob C. Bridgeman and Steven T. Flammia and David Poulin},
  journal = {Physical Review B},
  title   = {Detecting topological order with ribbon operators},
  year    = {2016},
  pages   = {205123},
  volume  = {94},
  doi     = {10.1103/PhysRevB.94.205123},
  eprint  = {1603.02275},
  number  = {20},
}

@Article{bridgeman2017,
  author  = {Jacob C. Bridgeman and Dominic J. Williamson},
  journal = {Physical Review B},
  title   = {Anomalies and entanglement renormalization},
  year    = {2017},
  pages   = {125104},
  volume  = {96},
  doi     = {10.1103/PhysRevB.96.125104},
  eprint  = {1703.07782},
  number  = {12},
}

@Article{bridgeman2017a,
  author  = {Jacob C. Bridgeman and Stephen D. Bartlett and Andrew C. Doherty},
  journal = {Physical Review B},
  title   = {Tensor networks with a twist: {A}nyon-permuting domain walls and defects in projected entangled pair states},
  year    = {2017},
  pages   = {245122},
  volume  = {96},
  doi     = {10.1103/PhysRevB.96.245122},
  eprint  = {1708.08930},
  number  = {24},
}

@Article{barter2019,
  author  = {Daniel Barter and Jacob C. Bridgeman and Corey Jones},
  journal = {Communications in Mathematical Physics},
  title   = {{Domain walls in topological phases and the Brauer-Picard ring for $\operatorname{Vec}(\mathbb{Z}/p\mathbb{Z})$}},
  year    = {2019},
  pages   = {1167--1185},
  volume  = {369},
  doi     = {10.1007/s00220-019-03338-2},
  eprint  = {1806.01279},
  number  = {3},
}

@Article{bridgeman2019,
  author  = {Jacob C. Bridgeman and Daniel Barter and Corey Jones},
  journal = {Journal of Mathematical Physics},
  title   = {Fusing binary interface defects in topological phases: The $\mathbb{Z}/p\mathbb{Z}$ case},
  year    = {2019},
  pages   = {121701},
  volume  = {60},
  doi     = {10.1063/1.5095941},
  eprint  = {1810.09469},
  number  = {12},
}

@Article{bridgeman2020,
  author  = {Jacob C. Bridgeman and Daniel Barter},
  journal = {Journal of Physics A: Mathematical and Theoretical},
  title   = {Computing Defects Associated to Bounded Domain Wall Structures: The $\operatorname{Vec}(\mathbb{Z}/p\mathbb{Z})$ Case},
  year    = {2020},
  pages   = {235206},
  volume  = {53},
  doi     = {10.1088/1751-8121/ab7d60},
  eprint  = {1901.08069},
  number  = {23},
}

@Article{bridgeman2020a,
  author  = {Jacob C. Bridgeman and Daniel Barter},
  journal = {Quantum},
  title   = {Computing data for {Levin-Wen} with defects},
  year    = {2020},
  pages   = {277},
  volume  = {4},
  doi     = {10.22331/q-2020-06-04-277},
  eprint  = {1907.06692},
}

@Article{bridgeman2022,
  author  = {Jacob C. Bridgeman and Benjamin J. Brown and Samuel J. Elman},
  journal = {Communications in Mathematical Physics},
  title   = {Boundary Topological Entanglement Entropy in Two and Three Dimensions},
  year    = {2022},
  pages   = {1241--1276},
  volume  = {389},
  doi     = {10.1007/s00220-021-04191-y},
  eprint  = {2012.05244},
  number  = {2},
}

@Article{barter2022,
  author  = {Daniel Barter and Jacob C. Bridgeman and Ramona Wolf},
  journal = {{SciPost} Physics},
  title   = {{Computing associators of endomorphism fusion categories}},
  year    = {2022},
  volume  = {13},
  doi     = {10.21468/SciPostPhys.13.2.029},
  eprint  = {2110.03644},
  number  = {2},
}

@Article{bridgeman2023a,
  author  = {Jacob C. Bridgeman and Laurens Lootens and Frank Verstraete},
  journal = {Communications in Mathematical Physics},
  title   = {Invertible bimodule categories and generalized {S}chur orthogonality},
  year    = {2023},
  note    = {In press},
  doi     = {10.1007/s00220-023-04781-y},
  eprint  = {2211.01947},
}

@Article{bridgeman2023,
  author = {Jacob C. Bridgeman and Aleksander Kubica and Michael Vasmer},
  title  = {Lifting topological codes: Three-dimensional subsystem codes from two-dimensional anyon models},
  year   = {2023},
  eprint = {2305.06365},
}

@Article{bridgeman2017b,
  author  = {Jacob C. Bridgeman and Christopher T. Chubb},
  journal = {Journal of Physics A: Mathematical and Theoretical},
  title   = {Hand-waving and interpretive dance: an introductory course on tensor networks},
  year    = {2017},
  pages   = {223001},
  volume  = {50},
  doi     = {10.1088/1751-8121/aa6dc3},
  eprint  = {1603.03039},
  number  = {22},
}

@Article{bridgeman2020b,
  author  = {Jacob C. Bridgeman and Alexander Hahn and Tobias J. Osborne and Ramona Wolf},
  journal = {Physical Review B},
  title   = {Gauging defects in quantum spin systems: A case study},
  year    = {2020},
  pages   = {134111},
  volume  = {101},
  doi     = {10.1103/PhysRevB.101.134111},
  eprint  = {1910.10619},
  number  = {13},
}

@Article{cuiper2023,
  author  = {Bram Vancraeynest-De Cuiper and Jacob C. Bridgeman and Nicolas Dewolf and Jutho Haegeman and Frank Verstraete},
  journal = {Physical Review B},
  title   = {One-dimensional symmetric phases protected by frieze symmetries},
  year    = {2023},
  pages   = {115123},
  volume  = {107},
  doi     = {10.1103/PhysRevB.107.115123},
  eprint  = {2202.12880},
  number  = {11},
}

@Article{bridgeman2015,
  author  = {Jacob C. Bridgeman and Aroon O'Brien and Stephen D. Bartlett and Andrew C. Doherty},
  journal = {Physical Review B},
  title   = {Multiscale entanglement renormalization ansatz for spin chains with continuously varying criticality},
  year    = {2015},
  pages   = {165129},
  volume  = {91},
  doi     = {10.1103/PhysRevB.91.165129},
  eprint  = {1501.02817},
  number  = {16},
}

@Comment{jabref-meta: databaseType:bibtex;}
